@inproceedings{Feln12,
 title= "Conflict-Based Search For Optimal Multi-Agent Path Finding",
 author= "G. Sharon and R. Stern and A. Felner and N. Sturtevant",
 booktitle= "Proceedings of the AAAI Conference on Artificial Intelligence",
 year= "2012",
 pages= "563--569",
}

@article{Feln15,
 title= "Conflict-Based Search for Optimal Multi-Agent Pathfinding",
 author= "G. Sharon and R. Stern and A. Felner and N. Sturtevant",
 journal= "Artificial Intelligence",
 volume= "219",
 pages= "40--66",
 year= "2015",
}

@inproceedings{Bare14,
 title= "Suboptimal Variants of the Conflict-Based Search Algorithm for the Multi-Agent Pathfinding Problem",
 author= "M. Barer and G. Sharon and R. Stern and A. Felner",
 booktitle= "Proceedings of the Annual Symposium on Combinatorial Search",
 year= "2014",
}

@inproceedings{Ma17,
 title= "Multi-Agent Path Finding with Delay Probabilities",
 author= "H. Ma and S. Kumar and S. Koenig",
 booktitle= "Proceedings of the AAAI Conference on Artificial Intelligence",
 pages= "3605--3612",
 year= "2017",
}

@inproceedings{Hoen16,
 title= "Multi-Agent Path Finding with Kinematic Constraints",
 author= "W. {H\"{o}nig} and S. Kumar and L. Cohen and H. Ma and H. Xu and N. Ayanian and S. Koenig",
 booktitle= "Proceedings of the International Conference on Automated Planning and Scheduling",
 pages= "477--485",
 year= "2016",
}

@inproceedings{Silver05,
  author    = {D. Silver},
  title     = {Cooperative Pathfinding},
  booktitle = {Proceedings of the Artificial Intelligence and Interactive Digital Entertainment Conference},
  pages     = {117--122},
  year      = {2005}
}

@inproceedings{Stan10,
 title= "Finding Optimal Solutions to Cooperative Pathfinding Problems",
 author= "T. Standley",
 booktitle= "Proceedings of the AAAI Conference on Artificial Intelligence",
 pages= "173--178",
 year= "2010",
}

@inproceedings{Stan11,
 title= "Complete Algorithms for Cooperative Pathfinding Problems",
 author= "T. Standley and R. Korf",
 booktitle= "Proceedings of the International Joint Conference on Artificial Intelligence",
 pages= "668--673",
 year= "2011",
}

@article{Shar13,
 title= "The Increasing Cost Tree Search for Optimal Multi-Agent Pathfinding",
 author= "G. Sharon and R. Stern and M. Goldenberg and A. Felner",
 journal= "Artificial Intelligence",
 volume= "195",
 pages= "470--495",
 year= "2013",
}

@inproceedings{Boya:15,
 title= "{ICBS}: Improved Conflict-Based Search Algorithm for Multi-Agent Pathfinding",
 author= "E. Boyarski and A. Felner and R. Stern and G. Sharon and D. Tolpin and O. Betzalel and S. Shimony",
 booktitle= "Proceedings of the International Joint Conference on Artificial Intelligence",
 pages= "740--746",
 year= "2015",
}

@article{Feln04,
 title= "Additive Pattern Database Heuristics",
 author= "A. Felner and R. E. Korf and S. Hanan",
 journal= "Journal of Artificial Intelligence Research",
 volume= "22",
 pages= "279--318",
 year= "2004",
}

@inproceedings{Pomm13,
 title= "Getting the Most Out of Pattern Databases for Classical Planning",
 author= "F. Pommerening and G. {R\"{o}ger} and M. Helmert",
 booktitle= "Proceedings of the International Joint Conference on Artificial Intelligence",
 pages= "2357--2364",
 year= "2013",
}

@article{Pete88,
 title= "The General Maximum Matching Algorithm of {Micali} and {Vazirani}",
 author= "P. Peterson and M. Loui",
 journal= "Algorithmica",
 volume= "3",
 number= "1--4",
 pages= "511--533",
 year= "1988",
}

@inproceedings{Down95,
 title= "Parameterized Computational Feasibility",
 author= "R. Downey and M. Fellows",
 booktitle= "Feasible Mathematics {II}",
 pages= "219--244",
 year= "1995",
}

@article{Stur12,
 title= "Benchmarks for Grid-Based Pathfinding",
 author= "N. Sturtevant",
 journal= "IEEE Transactions on Computational Intelligence and {AI} in Games",
 volume= "4",
 number= "2",
 pages= "144--148",
 year= "2012",
}

@inproceedings{Shar12,
 title= "Meta-Agent Conflict-Based Search For Optimal Multi-Agent Path Finding",
 author= "G. Sharon and R. Stern and A. Felner and N. Sturtevant",
 booktitle= "Proceedings of the Annual Symposium on Combinatorial Search",
 year= "2012",
}

@inproceedings{Pomm15,
 title= "Heuristics for Cost-Optimal Classical Planning Based on Linear Programming",
 author= "F. Pommerening and G. {R\"{o}ger} and M. Helmert and B. Bonet",
 booktitle= "Proceedings of the International Joint Conference on Artificial Intelligence",
 pages= "4303--4309",
 year= "2015",
}

@inproceedings{Feln17,
 title= "Search-Based Optimal Solvers for the Multi-Agent Pathfinding Problem: Summary and Challenges",
 author= "A. Felner and R. Stern and S. Shimony and E. Boyarski and M. Goldenberg and G. Sharon and N. Sturtevant and G. Wagner and P. Surynek",
 booktitle= "Proceedings of the Annual Symposium on Combinatorial Search",
 pages= "20--37",
 year= "2017",
}

@ARTICLE{Ma17b,
 author= "H. Ma and S. Koenig",
 title= "{AI} Buzzwords Explained: Multi-Agent Path Finding ({MAPF})",
 journal= "AI Matters",
 year= "2017",
 volume= "3",
 number= "3",
 pages= "15--19",
}

@inproceedings{Cohe15,
 author= "L. Cohen and T. Uras and S. Koenig",
 title= "Feasibility Study: Using Highways for Bounded-Suboptimal Multi-Agent Path Finding",
 booktitle= "Proceedings of the Symposium on Combinatorial Search",
 year= "2015",
 pages= "2--8",
}

@inproceedings{Cohe16,
 author= "L. Cohen and T. Uras and S. Kumar and H. Xu and N. Ayanian and S. Koenig",
 title= "Improved Solvers for Bounded-Suboptimal Multi-Agent Path Finding",
 booktitle= "Proceedings of the International Joint Conference on Artificial Intelligence",
 year= "2016",
 pages= "3067--3074",
}

@inproceedings{Hoen16b,
 author= "W. Hoenig and S. Kumar and H. Ma and S. Koenig and N. Ayanian",
 title= "Formation Change for Robot Groups in Occluded Environments",
 booktitle= "Proceedings of the IEEE International Conference on Intelligent Robots and Systems",
 year= "2016",
 pages= "4836--4842",
}

@inproceedings{Ma16b,
 author= "H. Ma and S. Koenig and N. Ayanian and L. Cohen and W. Hoenig and S. Kumar and T. Uras and H. Xu and C. Tovey and G. Sharon",
 title= "Overview: Generalizations of Multi-Agent Path Finding to Real-World Scenarios",
 booktitle= "Proceedings of the IJCAI-16 Workshop on Multi-Agent Path Finding",
 year= "2016",
}

@inproceedings{Ma16,
 author= "H. Ma and C. Tovey and G. Sharon and S. Kumar and S. Koenig",
 title= "Multi-Agent Path Finding with Payload Transfers and the Package-Exchange Robot-Routing Problem",
 booktitle= "Proceedings of the AAAI Conference on Artificial Intelligence",
 year= "2016",
 pages= "3166--3173",
}

@inproceedings{Yu13,
 author= "J. Yu and S. LaValle",
 title= "Structure and Intractability of Optimal Multi-Robot Path Planning on Graphs",
 booktitle= "Proceedings of the AAAI Conference on Artificial Intelligence",
 year= "2013",
 pages= "1444--1449",
}

@inproceedings{Xu18,
 author= "H. Xu and K. Sun and S. Koenig and S. Kumar",
 title= "A Warning Propagation-Based Linear-Time-and-Space Algorithm for the Minimum Vertex Cover Problem on Giant Graphs",
 booktitle= "Proceedings of the International Conference on the Integration of Constraint Programming, Artificial Intelligence, and Operations Research",
 year= "2018",
}

@article{kiva,
  author = "P. Wurman and R. D'Andrea and M. Mountz",
  title = "Coordinating Hundreds of Cooperative, Autonomous Vehicles in Warehouses",
  journal = "{AI} Magazine",
  volume = "29",
  number = "1",
  pages = "9--20",
  year = "2008",
}

@inproceedings{Feln18,
 author= "A. Felner and J. Li and E. Boyarski and H. Ma and L. Cohen and S. Kumar and S. Koenig",
 title= "Adding Heuristics to Conflict-Based Search for Multi-Agent Path Finding",
 booktitle= "Proceedings of the International Conference on Automated Planning and Scheduling",
 pages= "83--87",
 year= "2018",
}

@inproceedings{Ma19,
 author= "H. Ma and D. Harabor and P. Stuckey and J. Li and S. Koenig",
 title= "Searching with Consistent Prioritization for Multi-Agent Path Finding",
 booktitle= "Proceedings of the AAAI Conference on Artificial Intelligence",
 pages= "7643--7650",
 year= "2019",
}

@article{Erdm87,
  author = "M. Erdmann and T. Lozano-P\'{e}rez",
  title = "On Multiple Moving Objects",
  journal = "Algorithmica",
  volume = "2",
  pages = "477--521",
  year = "1987",
}

@inproceedings{Li19,
 author= "J. Li and D. Harabor and P. Stuckey and A. Felner and H. Ma and S. Koenig",
 title= "Disjoint Splitting for Multi-Agent Path Finding with Conflict-Based Search",
 booktitle= "Proceedings of the International Conference on Automated Planning and Scheduling",
 pages= "279--283",
 year= "2019",
}
